@inproceedings{qwire,
  title={QWIRE: a core language for quantum circuits},
  author={Paykin, Jennifer and Rand, Robert and Zdancewic, Steve},
  booktitle={Proceedings of the 44th ACM SIGPLAN Symposium on Principles of Programming Languages},
  pages={846--858},
  year={2017}
}

@article{qasm,
  title={Open quantum assembly language},
  author={Cross, Andrew W and Bishop, Lev S and Smolin, John A and Gambetta, Jay M},
  journal={arXiv preprint arXiv:1707.03429},
  year={2017}
}